@misc{www/xml,
	author = {Tim Bray and Jean Paoli and C. M. Sperberg-McQueen and Eve Maler and others},
	title = {{Extensible Markup Language (XML) 1.0 (Fifth Edition)}},
	month = "November",
	year = {2008},
	howpublished = {http://www.w3.org/TR/xml}
}

@misc{www/basex,
	author = {Christian Gr{\"u}n},
	title = {{BaseX -- The XML Database for Processing, Querying and Visualizing large XML data}},
	month = "October",
	year = {2010},
	howpublished = {http://basex.org}
}

@inproceedings{xmark/original,
	title={XMark: A benchmark for XML data management},
	author={Schmidt, Albrecht and Waas, Florian and Kersten, Martin and Carey, Michael J and Manolescu, Ioana and Busse, Ralph},
	booktitle={Proceedings of the 28th international conference on Very Large Data Bases},
	pages={974--985},
	year={2002},
	organization={VLDB Endowment}
}
@techreport{xmark/mlynkova2008xml,
	title={Xml benchmarking: Limitations and opportunities},
	author={Ml{\`y}nkov{\'a}, Irena}
}
@inproceedings{xmark/VIST,
	author = {Haixun Wang and Sanghyun Park and Wei Fan and Philip S. Yu},
	title = {ViST: A Dynamic Index Method for Querying XML Data by Tree Structures},
	booktitle = {In SIGMOD},
	year = {2003},
	pages = {110--121}
}
 @book{mongo/action,
 	title={MongoDB in action},
 	author={Banker, Kyle},
 	year={2011},
 	publisher={Manning Publications Co.}
 }
 
@article{nosql/comparision,
	title={Investigation and Comparison of Distributed NoSQL Database Systems},
	author={Gao, Xiaoming}
}
@inproceedings{xmark/schema-sumerize,
	title={Schema summarization},
	author={Yu, Cong and Jagadish, HV},
	booktitle={Proceedings of the 32nd international conference on Very large data bases},
	pages={319--330},
	year={2006},
	organization={VLDB Endowment}
}

@article{cattell2011scalable,
	title={Scalable SQL and NoSQL data stores},
	author={Cattell, Rick},
	journal={ACM SIGMOD Record},
	volume={39},
	number={4},
	pages={12--27},
	year={2011},
	publisher={ACM}
}
@book{banker2011mongodb,
	title={MongoDB in action},
	author={Banker, Kyle},
	year={2011},
	publisher={Manning Publications Co.}
}
@inproceedings{lee2011jxon,
	title={JXON: an architecture for schema and annotation driven JSON/XML bidirectional transformations},
	author={Lee, David},
	booktitle={Proceedings of Balisage: The Markup Conference},
	year={2011}
}
@ONLINE{bson,
	author = {BSON},
	title = {BSON Specification},
	url = {http://bsonspec.org/}
}

@book{cb/brown2013developing,
	title={Developing with Couchbase Server},
	author={Brown, Martin C},
	year={2013},
	publisher={" O'Reilly Media, Inc."}
}
@book{cb/ostrovsky2014pro,
	title={Pro Couchbase Server},
	author={Ostrovsky, David and Rodenski, Yaniv},
	year={2014},
	publisher={Apress}
}
%%%%%%%%%%%%%%%%%%%%%%%END Prakash%%%%%%%%%%%%%%%%%%%% 